@electronic{robo_objectives,
	author = {{The Robocup Federation}},
	title = {Objective - Robocup},
	url = {http://www.robocup.org/about-robocup/objective/},
	year = {2013},
	urldate = {2013-07-06}
}

@electronic{robo_ssl,
    author = {{The Robocup Federation}},
    title = {Small SIze League - Robocup},
    url = {http://wiki.robocup.org/wiki/Small_Size_League},
    year = {2013},
    urldate = {2013-07-06}
}


@electronic{zickler_ssl_vision,
  author = 	 {Stefan Zickler and Tim Laue and Oliver Birbach and Mahisorn Wongphati and Manuela Veloso},
  title = 	 {SSL-Vision: The Shared Vision System for the RoboCup Small Size League},
  year = 	 {2009},
  url = {http://www.informatik.uni-bremen.de/agebv/downloads/published/zickler_rs_09.pdf},
  urldate = {2013-07-06}
}


@electronic{sedgewick_union_find,
	author = {Robert Sedgewick and Kevin Wayne},
	title = {Case Study: Union-Find},
	url = {http://algs4.cs.princeton.edu/15uf/},
	year = {2013},
	urldate = {2013-07-06}
}

@electronic{wa_union_find,
	author = {w.a.},
	title = {Union Find},
	url = {http://valis.cs.uiuc.edu/~sariel/teach/2004/b/webpage/lec/22_uf.pdf},
	year = {2005},
	urldate = {2013-07-06}
}



